<record><leader>00000cas a22000007a 4500</leader><controlfield tag="001">12058103</controlfield><controlfield tag="008">850520d19841988vauwr ne      0   a0eng d</controlfield><datafield ind1=" " ind2=" " tag="010"><subfield code="a">sn 95079526 </subfield></datafield><datafield ind1=" " ind2=" " tag="040"><subfield code="a">NSD</subfield><subfield code="b">eng</subfield><subfield code="c">NSD</subfield><subfield code="d">NVK</subfield><subfield code="d">OCLCQ</subfield><subfield code="d">VA@</subfield><subfield code="d">OCLCQ</subfield><subfield code="d">OCLCF</subfield><subfield code="d">OCLCO</subfield></datafield><datafield ind1=" " ind2=" " tag="012"><subfield code="j">0</subfield><subfield code="m">d</subfield></datafield><datafield ind1=" " ind2=" " tag="022"><subfield code="a">0882-9322</subfield></datafield><datafield ind1=" " ind2=" " tag="037"><subfield code="b">Charlottesville, Albemarle Observer, Inc., P.O. Box 617, Charlottesville, Va. 22901</subfield></datafield><datafield ind1=" " ind2=" " tag="043"><subfield code="a">n-us-va</subfield></datafield><datafield ind1="1" ind2="4" tag="050"><subfield code="a">F234.C4</subfield><subfield code="b">C4</subfield></datafield><datafield ind1=" " ind2="0" tag="222"><subfield code="a">Charlottesville Albemarle observer</subfield></datafield><datafield ind1="0" ind2="0" tag="245"><subfield code="a">Charlottesville Albemarle observer.</subfield></datafield><datafield ind1=" " ind2=" " tag="260"><subfield code="a">Charlottesville, Va :</subfield><subfield code="b">Charlottesville Albemarle Observer, Inc.,</subfield><subfield code="c">1984-1988.</subfield></datafield><datafield ind1=" " ind2=" " tag="300"><subfield code="a">v.</subfield></datafield><datafield ind1=" " ind2=" " tag="310"><subfield code="a">Weekly</subfield></datafield><datafield ind1="0" ind2=" " tag="362"><subfield code="a">Vol. 7, no. 40 (Oct. 4/10, 1984)-v. 11, no. 46 (Nov. 17/23, 1988).</subfield></datafield><datafield ind1=" " ind2=" " tag="500"><subfield code="a">Publisher varies: Central Virginia Community Communications, Aug. 4, 1988-</subfield></datafield><datafield ind1=" " ind2=" " tag="530"><subfield code="a">Available on microfilm from the University of Virginia and UMI.</subfield></datafield><datafield ind1=" " ind2="0" tag="651"><subfield code="a">Charlottesville (Va.)</subfield><subfield code="v">Newspapers.</subfield></datafield><datafield ind1=" " ind2="0" tag="651"><subfield code="a">Albemarle County (Va.)</subfield><subfield code="v">Newspapers.</subfield></datafield><datafield ind1=" " ind2="7" tag="655"><subfield code="a">Newspapers.</subfield><subfield code="2">fast</subfield><subfield code="0">(OCoLC)fst01423814</subfield></datafield><datafield ind1=" " ind2="7" tag="651"><subfield code="a">Virginia</subfield><subfield code="z">Albemarle County.</subfield><subfield code="2">fast</subfield><subfield code="0">(OCoLC)fst01208011</subfield></datafield><datafield ind1=" " ind2="7" tag="651"><subfield code="a">Virginia</subfield><subfield code="z">Charlottesville.</subfield><subfield code="2">fast</subfield><subfield code="0">(OCoLC)fst01204493</subfield></datafield><datafield ind1=" " ind2=" " tag="752"><subfield code="a">United States</subfield><subfield code="b">Virginia</subfield><subfield code="d">Charlottesville.</subfield></datafield><datafield ind1="0" ind2="0" tag="780"><subfield code="t">Charlottesville observer</subfield><subfield code="w">(DLC)sn 95079530</subfield></datafield><datafield ind1="0" ind2="0" tag="785"><subfield code="t">Observer (Charlottesville, Va.)</subfield><subfield code="x">1063-4223</subfield><subfield code="w">(DLC)sn 92004366</subfield><subfield code="w">(OCoLC)18896832</subfield></datafield></record>